



@web{cnbc_article,
title={Soaring college textbooks costs hurt students and family budgets},
author={Herb Weisbaum}
year={2014},
url={https://www.cnbc.com/2014/01/28/college-textbook-costs-more-outrageous-than-ever.html}
}
