


@article{cnbc,
title={College textbook costs more outrageous than ever},
author={Herb Weisbaum},
year={2014},
url={https://www.cnbc.com/2014/01/28/college-textbook-costs-more-outrageous-than-ever.html}
}
